@INPROCEEDINGS{clark:pct,
  AUTHOR = "Malcolm Clark",
  TITLE = "Post Congress Tristesse",
  BOOKTITLE = "TeX90 Conference Proceedings",
  PAGES = "84-89",
  ORGANIZATION = "TeX Users Group",
  MONTH = "March",
  YEAR = {1991}
}

@ARTICLE{herlihy:methodology,
    author = {Herlihy, Maurice},
    title = {A Methodology for Implementing Highly Concurrent Data Objects},
    journal = {ACM Trans. Program. Lang. Syst.},
    volume = {15},
    number = {5},
    pages = {745-770},
    month = {November},
    year = {1993},
    doi = {10.1145/161468.161469},
}
@article{sancho2016bsc,
  title={{BSC best practices in professional training and teaching for the HPC ecosystem}},
  author={Sancho, Maria-Ribera},
  journal={Journal of Computational Science},
  volume={14},
  pages={74--77},
  year={2016},
  publisher={Elsevier}
}

@misc{whitepaper,
  author = {Kai Himstedt and Nathanael Hubbe and Julian Kunkel and Hinnerk Stuben},
  title = {An HPC Certification Program Proposal Meeting HPC Usersâ€™ Varied Backgrounds},
  type = "whitepaper",
  year = 2018,
  url = {https://www.hpc-certification.org/downloads/hpccp-concept-paper-180201.pdf}
}
